1571 2735
328 142 1021 184 M1scELLANEA:
1199 143 1284 198 τογ’

76 213 215 255 Sicubi
232 213 342 253 venit
354 214 495 264 hyems
511 241 524 260 ,
543 223 610 250 aut
627 210 797 251 nubibus
813 213 897 251 adra
913 211 1050 252 solutis

82 269 240 308 Eluvies
257 266 428 306 tumidos
444 264 634 319 stagnanti
652 266 806 318 gurgite
820 264 961 305 flufflzus

80 322 231 362 Extulit
244 320 420 359 irritans:
441 332 563 359 rauco
580 320 762 357 concuss‘a
783 317 943 372 fragore

81 375 220 415 Litora
235 403 249 423 ,
268 373 468 425 vicimque
484 373 623 411 sonant
638 372 787 410 circum
803 372 977 425 undique
998 376 1176 425 montes?

133 428 208 466 Ille
222 427 443 480 potensque
461 426 514 464 sui
528 455 542 474 ,
557 439 630 464 nec
651 424 721 466 fati
738 425 937 465 obnoxius
954 426 1019 465 irae

75 480 260 520 Tristitiae
276 492 459 533 expertes
473 479 635 532 privatis
648 478 802 532 legibus
819 492 942 519 annos

82 535 215 587 Exigit
233 562 246 582 ,
264 534 303 572 in
323 535 453 572 lucem
476 533 563 572 satis
585 530 639 571 est
659 533 724 571 cui
738 532 870 571 dicere
887 562 900 581 ‚
920 532 1020 573 vixii

82 587 262 628 Crastina
277 587 342 626 vel
364 586 486 639 piceis
505 586 683 626 obducat
696 584 865 625 nubibus
880 600 992 626 auras
1005 599 1022 634 3

81 642 156 680 Vel
177 654 298 694 puros
316 640 467 679 referat
487 641 588 678 soles
602 668 614 687 ‚
633 642 669 677 δῑ
689 652 825 692 aperta
843 640 977 679 serena
995 668 1010 689 ‚

70 695 154 736 'Ut
165 695 289 734 libeat
304 692 376 733 fibi
391 706 562 746 cumque
578 691 710 731 Deum
727 705 840 745 pater
853 693 990 735 omnia
1004 695 1142 737 volvat
1157 700 1176 742 ε’

82 751 179 788 Non
197 749 343 786 iterum
359 750 492 786 tamen
508 775 521 796 ,
538 759 605 786 aut
619 759 726 785 retro
741 749 820 797 jam
836 748 941 799 lapsa
960 748 1153 801 reducet,

68 805 164 842 ‘Aut
176 800 318 840 infe&a
332 800 441 840 dabit
459 829 472 849 ,
505 813 588 853 quae
603 814 683 838 uon
695 799 934 840 revocabilis
950 802 1038 842 orbi

80 855 242 896 Iuvexit
257 854 377 892 semel
392 853 492 893 hora
505 882 518 902 ,
538 867 668 906 neque
683 853 793 892 audit
810 865 968 906 tempus
981 855 1177 897 habenas:

141 912 305 947 Interea
320 909 418 947 saevo
433 907 606 961 gaudens
623 905 785 946 fortuna
802 908 974 947 tumultu
989 938 1004 958 ‚

85 965 289 1014 Certaque
305 960 498 1014 praecipiti
514 961 668 1013 semper
683 960 867 1000 mortalia
879 961 976 1000 ludo

78 1019 257 1055 Vertere
272 1043 286 1063 ‚
307 1026 415 1053 certa
429 1028 555 1053 uovos
571 1014 725 1067 semper
738 1012 807 1052 fibi
823 1013 973 1068 fingere
985 1016 1118 1056 vultus
1131 1045 1147 1067 9

83 1073 198 1110 Nutu
221 1068 358 1108 adimit
372 1067 499 1106 fluxos
513 1097 524 1114 2
541 1080 717 1121 nutuque
732 1068 891 1120 reponit
905 1068 1096 1109 honores.

83 1126 203 1163 Nunc
223 1134 330 1161 amat
348 1123 380 1161 81
401 1121 539 1161 vinclis
559 1120 683 1160 fasces
698 1149 711 1169 ,
729 1123 765 1160 &
779 1134 906 1162 aratra
923 1123 1078 1172 curuli,

86 1179 135 1216 Et
149 1176 324 1229 patribus
340 1175 500 1228 plebem
517 1204 530 1221 ,
551 1177 588 1213 δε
602 1173 707 1214 cladi
725 1186 878 1214 mutare
892 1175 1118 1229 triumphos
1132 1190 1150 1227 3

85 1233 202 1270 Nunc
218 1229 313 1268 mihi
331 1258 344 1277 .,
362 1242 464 1266 nunc
479 1228 562 1267 aliis
578 1227 675 1267 flatu
689 1229 857 1278 aspirare
874 1229 1060 1270 secundo.

85 1284 281 1336 Prospera
298 1281 324 1320 fi
346 1279 480 1321 faveat
497 1310 510 1330 ‚
529 1281 648 1321 laudo
665 1295 678 1327 3
702 1280 730 1320 fi
744 1282 854 1320 versa
874 1280 1010 1322 favere

67 1335 252 1376 -Definat
266 1364 278 1384 ,
300 1338 336 1374 ὅ(
355 1336 508 1374 volucri
526 1335 603 1374 sese
619 1334 801 1387 improba
820 1335 1021 1376 subtrahat
1033 1337 1094 1379 ala
1108 1354 1122 1382 ς

87 1389 203 1429 Cedo
219 1391 313 1428 Deae
331 1417 344 1437 ‚
359 1387 583 1441 fruetusque
602 1388 742 1428 volens
760 1391 796 1426 &
815 1388 920 1429 dona
935 1389 1107 1445 resigno.

84 1445 191 1482 Tum
206 1455 352 1482 vacuus
369 1456 499 1481 rerum
519 1470 532 1490 ‚
552 1455 646 1480 cura
660 1454 743 1481 tum
758 1441 859 1481 liber
873 1442 921 1482 ab
938 1444 1046 1483 omni
1061 1473 1076 1493 ,

88 1500 159 1537 Me
173 1496 339 1550 propria
355 1496 518 1535 involvo
532 1495 681 1535 virtute
700 1501 710 1532 ἓ
729 1508 802 1534 nec
824 1495 903 1534 aris
923 1509 1106 1550 egentem

87 1553 253 1605 Ignotus
271 1548 349 1587 fine
369 1548 464 1588 dote
481 1549 572 1588 colo
593 1577 606 1597 ‚
622 1547 700 1587 fine
722 1549 885 1588 crimine
905 1551 1044 1590 vitam.

141 1604 219 1642 Hic
236 1601 332 1641 mihi
348 1615 464 1655 parta
483 1602 594 1656 quies
610 1631 622 1650 ,
642 1601 720 1641 hoc
733 1616 796 1642 me
811 1615 947 1643 natura
961 1605 1112 1647 creavit

89 1657 263 1711 Ingenio
281 1673 289 1696 :
309 1670 383 1694 nec
399 1656 503 1695 enim
519 1684 532 1704 ‚
553 1659 654 1694 irato
671 1655 698 1695 fi
718 1670 916 1696 marmore
931 1658 1076 1711 puppis

87 1710 266 1749 Pluenzet
284 1738 297 1758 ‚
315 1712 350 1748 ἃ
365 1722 538 1762 praeceps
555 1708 653 1748 velis
668 1710 872 1763 lmmugiat
890 1711 1031 1750 Auster
1044 1739 1060 1762 ,

86 1762 236 1802 Audias
252 1762 291 1800 in
307 1763 463 1801 miseras
478 1761 637 1802 timidus
657 1764 871 1802 decurrere
888 1777 1011 1803 voces
1023 1793 1037 1812 ‚

86 1821 171 1855 Aut:
184 1817 289 1855 vot-‘s
309 1829 474 1855 onerare
491 1817 603 1854 Deos
619 1845 631 1864 ,
647 1816 908 1870 precibusque
929 1818 1074 1864 pacisci

88 1873 153 1908 Ne
172 1869 337 1921 Cyprias
351 1882 504 1908 merces
520 1898 532 1918 ,
548 1870 733 1921 Tyriasve
751 1870 929 1922 procella
944 1871 1067 1911 citato

88 1922 264 1962 Turbine
280 1935 433 1976 mergat
448 1936 546 1975 opes
560 1951 573 1971 ‚
589 1925 626 1960 &
639 1922 819 1962 flufflbus
834 1923 952 1964 addat
964 1926 1108 1966 avaris.

89 1978 173 2015 Has
188 2004 201 2024 ‚
222 1975 286 2014 vel
302 1975 505 2028 inexpleto
524 1975 680 2028 rapidus
695 1988 812 2015 voret
827 1990 987 2030 aequore
1002 1991 1145 2021 vortex
1159 1986 1180 2032 ζ

90 2029 164 2067 Vel
180 2029 320 2081 patulce
336 2029 508 2068 condant
524 2028 724 2069 horrenda
739 2030 776 2069 in
791 2030 940 2070 viscera
955 2031 1089 2084 phocae
1107 2051 1117 2075 :

91 2082 200 2120 Dum
216 2095 279 2119 me
299 2081 440 2133 cymba
453 2082 550 2121 levis
570 2083 782 2135 pelagique
794 2084 959 2137 polique
976 2085 1105 2127 ruinas

91 2137 208 2172 Inter
220 2162 233 2182 ‚
251 2136 287 2173 &
307 2134 429 2174 effuso
452 2135 649 2174 fluitantes
661 2137 814 2189 gurgite
828 2149 947 2189 gazas

92 2187 346 2226 Incolumem
363 2189 505 2239 eripiat
517 2217 530 2236 ,
547 2187 815 2242 zephyrisque
833 2191 995 2242 impulsa
1009 2191 1188 2238 secundis

90 2242 264 2294 Optatos
282 2241 443 2295 gemino
463 2253 598 2286 teneat
613 2242 713 2285 duce
729 2241 892 2285 Castore
904 2256 1058 2299 portus.
