1571 2735
265 113 351 166 542³
696 110 1067 155 entra-,r

265 183 355 235 Ipsa
371 182 497 234 Dryas
513 208 527 230 ‚
541 180 656 221 molli
671 186 756 234 quae
774 180 922 221 dudum
936 181 1069 221 innata
1085 178 1283 220 medune*

264 234 415 275 Sufficit
427 235 654 284 humorem,
669 237 705 273 δι
722 235 923 274 communi
938 234 1106 274 consulit
1118 247 1205 275 aevo
1221 247 1239 282 3

264 290 411 328 Laetior
423 288 559 328 audito
574 287 764 327 Fernandi
777 289 938 327 nomine
954 316 968 337 ,
982 289 1127 327 ludium

266 342 546 394 Comprimet:
564 342 669 381 ultro
688 342 806 381 etiam
824 342 944 381 ducet
961 339 1029 382 fibi
1042 338 1326 382 vulneralaudi
1337 350 1367 388 31

265 396 410 449 Deque
430 396 524 444 sua„
544 405 734 449 quantum
749 397 804 435 sat
820 396 898 434 erit
910 423 925 443 ‚
941 394 1013 435 tibi
1026 393 1144 434 cedet
1157 395 1331 434 alumna.

321 452 426 502 Ergo
444 450 570 488 oculis
584 447 733 502 vestiga
751 466 761 489 :
782 463 830 489 an
846 449 884 488 se
897 476 912 497 ‚
928 447 1106 487 Pindove
1121 448 1188 488 sub
1203 448 1284 487 alto
1302 474 1330 495 ‚,

266 501 486 541 Parnaffive
502 502 607 541 cavis
622 502 660 540 in
674 502 843 542 vallibus
862 531 874 551 ,
889 502 1010 541 obvia
1026 502 1158 541 laurus

267 553 455 596 Offerat‘:
472 555 540 595 ina
558 555 719 608 quidem
737 555 910 595 cantanti
925 553 1258 595 consciaPhoebo
1274 569 1294 603 ·‚

264 611 453 662 Aptaque
469 608 652 648 ludentes
670 609 811 649 umbra
824 621 1037 662 praetexere
1055 611 1202 650 Musas.

267 664 329 702 An
348 662 554 701 Dodonaea
568 662 701 714 potius
715 661 764 701 de
781 662 895 713 prole
911 661 1104 715 superstes

268 715 488 755 Fatidicum
506 715 665 756 attollat
681 728 851 770 quercus
865 713 1051 755 frondosa
1070 717 1291 765 cacumen3

263 769 396 809 Prima
407 769 522 808 altrix
540 768 746 808 hominum
763 797 777 818 ‚
792 769 908 822 primi
925 769 1089 823 vestigia
1105 769 1226 808 moris

266 825 318 862 Et
333 822 502 875 priscum
518 820 833 863 referensramis
846 821 1031 863 felicibus
1048 838 1199 863 aurum.

318 879 507 929 Utraque
526 876 768 916 conveniens
783 876 896 929 operi
913 889 928 922 3
945 877 1291 917 neutram—abnuet
1303 903 1318 926 ,
1332 873 1428 916 istis‘a
1464 881 1478 891 ’
1530 879 1533 887 ‘

265 928 449 969 Moribus
464 958 479 978 ,
498 929 576 968 hoc
592 930 726 982 priscae
745 931 891 969 florens
903 930 1066 970 >virtutis
1083 931 1243 970 honore

267 982 533 1022 Ferdinandus
549 997 564 1030 3
582 997 679 1022 avos
694 995 916 1024 tercentum
930 1012 945 1033 ‚
963 986 1000 1022 &
1015 984 1206 1038 sanguinis
1223 983 1294 1025 alti

265 1035 484 1088 Suspiciens
501 1048 608 1075 retro
622 1035 842 1089 fugientem
856 1038 895 1075 in
910 1036 1208 1077 saeculafamam
1228 1053 1240 1078 τ

270 1089 389 1127 Idem
407 1090 513 1128 ultro
533 1088 725 1142 profugas
741 1091 837 1130 aulae
856 1091 895 1129 in
912 1091 1131 1144 penetralia
1148 1091 1280 1131 Musas

267 1142 492 1196 Excipiens:
509 1144 638 1196 gravis
651 1144 756 1183 idem
770 1144 885 1184 hands
895 1159 973 1183 uno
989 1145 1150 1184 nomine
1168 1157 1281 1184 vates
1299 1156 1332 1192 ς’

269 1195 456 1236 Carmina
470 1196 585 1250 digna
600 1196 738 1239 sonans
754 1226 768 1247 ,
788 1200 827 1236 δι’
841 1198 956 1252 digna
971 1199 1132 1237 oracula
1145 1198 1309 1237 Phoebm

320 1248 420 1288 Inde
435 1249 506 1289 tibi
523 1254 537 1298 (
553 1250 625 1291 tibi
639 1264 811 1304 namque
825 1265 951 1304 opera-
965 1251 1015 1292 ad
1027 1250 1182 1291 fabrilia
1194 1253 1389 1293 dextram—

267 1302 349 1341 Effe
363 1302 535 1341 habilem
551 1305 680 1344 voluit
691 1333 703 1354 ,
720 1305 787 1357 qui
803 1318 866 1344 mc
880 1305 952 1345 tibi
966 1305 1096 1357 junxit
1110 1306 1258 1358 Apollo
1274 1311 1290 1355 )

266 1355 455 1395 Proxima
471 1369 563 1396 cura
576 1358 693 1407 subit,
708 1357 783 1398 fiffi
794 1357 874 1397 duo
895 1359 1065 1413 segmina
1079 1359 1175 1413 ligni

265 1410 437 1448 Edurum
456 1422 498 1449 ut
514 1410 677 1451 subeant
691 1412 797 1452 torni
811 1410 998 1451 finuantis
1017 1425 1186 1451 acumen

267 1462 410 1502 Subter
424 1490 438 1511 ,
455 1465 491 1502 &
508 1464 547 1503 in
561 1465 701 1518 planos
721 1477 926 1518 aequentur
941 1465 1108 1518 desuper
1121 1465 1274 1506 orbes}

263 1517 370 1555 Tum
387 1517 497 1569 septo
513 1517 550 1556 in
562 1517 727 1572 gracili,
746 1518 855 1571 quod
868 1521 1017 1558 summa
1032 1519 1184 1559 extabit
1199 1520 1236 1558 in
1251 1533 1323 1560 ora
1335 1546 1353 1569 ,-

269 1573 335 1609 Ne
352 1568 488 1610 dubita
502 1582 640 1612 tenues
657 1572 697 1611 in
712 1572 852 1625 spiram
867 1572 1043 1612 incidere
1059 1573 1188 1611 sulcos

266 1623 390 1676 Ligna
404 1635 535 1664 terens
551 1625 750 1678 utrimque
769 1643 779 1665 :
799 1625 866 1665 sed
879 1625 970 1665 huic
985 1638 1050 1665 eat
1063 1627 1166 1665 intus
1183 1654 1197 1676 ‚
1211 1621 1323 1666 atilli

270 1676 461 1730 Oblongo
480 1679 656 1717 exterior
671 1681 794 1719 tractu
810 1679 847 1717 se
864 1679 966 1732 spira
979 1680 1138 1719 volutet
1151 1693 1167 1727 3

265 1730 413 1783 Aptior
430 1743 473 1769 ut
488 1737 603 1770 co'e'at
618 1734 747 1781 juncta
764 1733 998 1785 compagine
1012 1734 1139 1786 pyxis.

324 1786 415 1821 Hoc
432 1783 498 1823 ubi
511 1785 711 1838 provisum
726 1814 740 1834 ,
758 1785 947 1825 Fernandi
963 1786 1137 1840 ingentia
1147 1784 1251 1826 -sttfta
1265 1813 1279 1833 ‚

267 1837 470 1876 Tenuibus
483 1866 496 1886 ‚
511 1851 556 1877 ut
570 1839 735 1891 spatium
755 1838 836 1887 est“‚
855 1839 1031 1879 caelando
1048 1839 1203 1879 imitare
1218 1837 1373 1894 figuris-J

267 1890 469 1943 Imprimis
483 1920 496 1939 ‚
512 1893 658 1944 patrias
674 1892 780 1931 vitiis
796 1892 1055 1945 popularibus
1068 1892 1185 1932 urbes

266 1947 396 1995 Qum
412 1944 517 1997 vigili
533 1957 678 1998 purget
693 1944 821 1985 studio
841 1961 850 1985 τ
870 1960 951 1999 quo
969 1947 1076 1986 sacra
1089 1945 1231 1985 labore

265 1996 386 2048 jura,
404 2011 504 2049 quot
519 1998 685 2052 egregiis
698 2011 848 2039 tutetur
859 1999 1013 2053 legibus
1032 2012 1136 2045 aras3

265 2050 342 2089 Sed
358 2051 464 2103 prius
481 2053 667 2104 exemplo
682 2081 695 2101 ‚
713 2066 830 2105 quam
844 2052 1010 2106 legibus.
1031 2057 1141 2107 Ergo
1150 2053 1316 2093 volueriz

265 2105 467 2144 Invectam
484 2104 635 2145 nebulae
648 2107 838 2156 juvenum
854 2105 1028 2146 describe
1045 2107 1258 2146 cohortem

267 2157 471 2211 Aliger-um
487 2187 501 2208 ,
519 2158 760 2212 clypeosque
773 2170 912 2212 gerant
926 2161 963 2198 ἃ
978 2159 1142 2199 fulmina
1158 2159 1305 2199 librent
1318 2173 1345 2199 e*

264 2211 316 2249 Et
326 2211 490 2263 clypeos
506 2212 669 2266 geminae
677 2226 753 2265 que
767 2212 900 2252 trabes
912 2242 926 2261 .,
940 2213 1185 2267 geminaeque
1201 2214 1395 2254 decorent

265 2263 355 2307 Rite
371 2278 507 2308 cruces
520 2279 539 2316 5
557 2265 693 2319 Stygio
708 2265 923 2310 metuenda
932 2266 1097 2321 insignia
1110 2266 1228 2319 diti„
