1571 2735
238 128 313 181 ’1ξὶ
655 128 707 170 C.
764 128 800 170 R
829 129 877 173 U
907 130 950 169 ΔΕ
978 130 1002 170 Ῐ

237 187 367 229 Fascia
383 216 398 238 ‚
411 186 491 240 J'am
506 185 578 226 risu
595 186 800 227 custodem
815 189 1029 243 agnoscere
1044 188 1185 229 credas
1200 189 1232 239 ζ’

236 245 463 295 ῑαᾶεειφιε
480 241 634 280 imbelli
645 243 727 292 jam
741 241 879 281 ludere
895 242 1055 282 brachia
1071 255 1198 281 motu.

239 295 426 335 Protinus
440 294 515 335 hac
528 294 607 334 sese
623 293 834 347 spitantem
850 294 888 333 in
902 295 1072 349 imagine
1085 295 1217 334 custos

242 346 461 400 Obstupuit
475 347 627 387 Genius
639 375 653 395 ‚
669 347 888 400 comitique
910 366 919 388 z
938 352 996 387 En
1014 348 1193 387 adsumus
1207 375 1220 395 ‚
1235 346 1365 400 inquit
1380 351 1398 398 ,⁴

237 403 314 441 Par
328 400 487 440 habitus
504 429 518 450 ‚
531 414 603 453 par
618 399 762 439 forma.
781 404 829 439 Et
843 400 895 440 fic
909 413 984 455 ego
999 401 1150 440 scilicet
1165 404 1319 440 Annam

238 453 391 507 Excepi
406 481 421 502 ,
436 453 625 493 aethereas
639 465 683 492 ut
699 453 870 506 primum
889 454 1024 494 eduaa
1039 454 1108 493 sub
1123 467 1237 492 auras
1252 481 1267 503 ,

238 510 289 546 Et
303 506 493 560 pulchros
508 507 648 546 oculos
664 509 701 545 δε
712 507 878 559 pulchra
892 507 1036 547 labella
1049 506 1210 548 resolvh

239 560 304 598 Sic
318 560 385 599 ait.
405 560 564 599 Atlaeto
579 573 700 612 parva
719 559 767 599 ad
783 560 976 600 cunabula
993 560 1104 600 vultu

241 613 349 651 Hinc
362 624 483 666 atque
497 613 590 651 hinc
604 612 788 665 nymphae
803 613 1017 666 pinguntur
1035 612 1228 652 Iberides.
1245 610 1324 654 111ae

240 665 417 705 Blandiri
431 693 445 715 ,
461 666 546 705 haec
560 679 703 705 tenero
721 666 878 705 somnos
891 667 1094 706 accersere
1109 678 1225 705 cantu
1240 694 1256 715 ‚

242 721 343 758 Haec
356 719 476 772 capiti
495 717 712 759 ambrofios
727 718 863 758 afflare
877 719 1034 759 videtur
1048 718 1195 758 odores
1215 736 1226 760 ε

239 772 316 812 Illa
329 772 440 811 nives
455 770 580 811 fronti
596 801 611 821 ‚
627 771 818 825 labiisque
832 801 847 821 ‚
860 773 1048 826 genisque
1065 773 1242 811 rosarum

243 825 427 878 Aspergit
441 825 563 864 decus
581 843 591 866 z
606 825 692 864 haec
708 826 850 865 molles
867 838 1003 878 aptare
1021 825 1194 864 corollas
1210 853 1224 874 ‚

240 880 336 917 Haec
351 890 456 918 amat
475 878 675 919 halantem
691 879 854 919 calathis
872 877 1076 918 effundere
1088 878 1272 918 messem:

243 934 300 971 At
320 932 434 984 supra
457 931 651 984 Zephyris
667 932 809 972 inveffi
825 960 838 981 ,
854 933 891 970 &
908 931 1064 971 lenibus
1078 932 1182 971 auris
1196 960 1211 980 ‚

242 988 417 1024 Centum
435 985 571 1025 adsunt
586 985 679 1024 hinc
694 985 784 1024 inde
799 985 958 1038 antiqua
977 985 1026 1025 ab
1039 984 1190 1039 origine
1205 995 1319 1037 reges
1333 988 1350 1034 ,’

241 1037 452 1092 Egregium
464 1050 603 1092 genus.
627 1038 877 1077 Austriadum
894 1039 1017 1092 longo
1036 1039 1176 1077 ordine
1193 1050 1359 1078 cernunt

245 1091 522 1143 Magnanimos
538 1091 684 1131 heroas
696 1120 711 1141 ‚
726 1094 762 1130 &
778 1091 1046 1144 imperterrita
1063 1090 1171 1131 bello

243 1146 410 1183 Peuora
428 1145 679 1197 Burgundos.
703 1145 828 1184 Micat
839 1144 917 1184 alta
931 1144 954 1184 ὲ
969 1144 1074 1184 nube
1088 1143 1329 1196 Rodolphus

242 1197 384 1237 Gentis
401 1211 501 1252 apex
515 1227 530 1247 ‚
547 1198 819 1251 Pernandique
832 1226 847 1246 ‚
860 1197 1105 1251 audacesque
1122 1196 1296 1250 Philippi

245 1249 437 1295 thfortes
453 1251 609 1291 Alberti
622 1280 635 1300 ,
650 1253 688 1291 δι
701 1250 799 1290 felix
815 1251 983 1291 Carolus
996 1250 1129 1290 armis.

243 1303 443 1344 Omnibus
456 1318 554 1344 unus
571 1318 684 1344 amor
697 1318 844 1345 tenerae
862 1304 1125 1344 transmittere
1140 1302 1248 1357 proli

245 1357 425 1397 Solertes
439 1358 594 1398 animos
613 1387 627 1407 ‚
647 1360 686 1396 &
700 1358 919 1412 relligionis
933 1370 1126 1398 amantes.

245 1412 352 1465 Ergo
367 1410 426 1450 illi
440 1411 570 1451 radios
583 1440 599 1462 ‚
616 1413 655 1450 δε
674 1424 781 1465 purae
801 1410 958 1466 fulgura
975 1411 1074 1449 lucis

244 1466 343 1505 Una
362 1478 500 1504 omnes
514 1465 670 1505 vibrare
690 1483 699 1505 ε
716 1465 817 1504 hanc
833 1478 974 1503 aureus
989 1463 1105 1503 ardor
1118 1462 1283 1503 oberrat

244 1517 443 1569 Undique
464 1547 480 1567 ‚
501 1520 538 1557 δε
555 1518 730 1557 innocuo
748 1531 869 1571 caput
886 1517 1010 1558 ambit
1025 1517 1194 1556 circulus
1215 1515 1311 1569 igni.

245 1571 340 1609 Haec
355 1570 487 1611 divina
499 1569 638 1624 opifex
649 1600 663 1620 ,
682 1585 721 1610 at
735 1584 876 1610 caetera
897 1572 1059 1625 pingere
1074 1570 1213 1609 dextra

247 1627 343 1662 Non
357 1624 490 1676 potuit
508 1642 517 1664 :
538 1625 727 1677 pulchros
741 1624 928 1678 paulatim
947 1637 991 1662 ut
1006 1623 1087 1664 fusa
1104 1636 1175 1676 per
1192 1633 1297 1661 artus
1312 1650 1328 1670 ,

247 1676 492 1730 Visceraque
506 1706 519 1727 ‚
535 1681 571 1716 &
586 1690 724 1717 tenues
740 1678 959 1731 penetrarit
972 1678 1127 1716 flamma
1142 1675 1333 1715 medullas
1346 1682 1386 1724 ,Ἀ

245 1731 550 1783 Purpureosque
564 1731 666 1770 finus
683 1730 813 1770 cordis
827 1760 839 1779 ‚
854 1731 1073 1784 mollesque
1091 1729 1248 1769 cerebri

247 1783 407 1835 Aptarit
419 1784 554 1823 senfim
569 1784 719 1823 tunicas
736 1813 750 1833 ,
768 1798 851 1836 quo
863 1784 1005 1823 mentis
1025 1784 1136 1823 avitae

250 1836 406 1876 Semina
418 1849 608 1876 venturos
621 1835 748 1877 infans
765 1838 938 1876 servaret
954 1837 991 1875 in
1004 1849 1126 1876 annos
1142 1865 1156 1884 ,

249 1892 300 1928 Et
314 1901 440 1928 totam
458 1890 660 1943 acciperet
677 1890 822 1943 puerili
838 1891 876 1928 in
897 1891 1057 1942 peetore
1071 1900 1245 1943 gentem.

306 1945 401 1993 Qae
419 1943 627 1996 postquam
642 1943 809 1997 spe&ata
838 1943 925 1982 satis
940 1972 953 1991 ,
970 1942 1180 1982 conversus
1195 1945 1366 1996 uterque

252 1994 466 2035 Adlaevam
487 1996 637 2034 Genius
651 2025 664 2045 ‚
685 1996 783 2035 mira
800 2010 876 2049 qua
890 1997 927 2035 se
949 1996 1122 2048 explicat
1141 2007 1224 2037 arte

254 2048 512 2089 Connubium
523 2050 680 2102 Reginae
694 2078 708 2098 ‚
727 2052 766 2089 &
780 2047 918 2088 felices
932 2048 1128 2100 hymenaei
1143 2076 1158 2096 ‚

256 2101 403 2141 Omnia
417 2101 576 2141 sidereis
591 2103 629 2141 in
641 2102 792 2155 pariete
808 2101 957 2154 sculpta
970 2102 1151 2141 metallis.

257 2153 363 2191 Hinc
381 2154 486 2193 illinc
499 2167 653 2194 armatae
669 2156 773 2194 acies
789 2184 803 2204 ‚
817 2157 981 2208 saevique
998 2153 1161 2207 manipli

256 2205 461 2247 Obsedere
477 2209 561 2248 vias
580 2225 590 2248 ε
609 2207 668 2246 his
684 2221 823 2248 contra
837 2207 1022 2247 obsistere
1035 2208 1157 2259 justo

256 2261 374 2313 §iens
390 2273 474 2306 erat
490 2289 503 2313 ,
523 2264 560 2302 &
575 2262 685 2317 {aetas
699 2261 816 2319 armis
832 2274 1011 2305 evertere
1027 2260 1159 2313 taedasg
