1571 2735
349 136 981 179 PANEGYRICL
1219 138 1295 192 ¹45

103 205 357 247 Romulidum
376 207 550 246 numeris
568 219 768 259 cantuque
785 207 960 246 assuescit
975 205 1136 244 olorum

102 261 270 313 Auspice
287 273 326 299 te
348 275 471 300 :mox
485 259 567 312 apti
583 273 723 298 omnes
742 272 807 299 tua
823 260 957 298 dicere
971 258 1076 298 bella
1092 271 1106 304 3

99 317 258 366 Totque
275 313 330 351 tui
347 313 548 366 quondam
563 341 576 361 ‚
595 323 693 365 quot
711 324 827 351 erunt
840 326 885 351 ea
904 312 1025 358 bella,
1041 311 1247 361 Ma1·0ne5{

157 368 246 418 Ipse
266 373 404 404 nemus
421 366 602 418 linquens
618 365 835 417 placidum,
850 365 1028 418 ripasque
1046 362 1181 405 beatas

99 419 231 471 Elyfiae
252 418 397 457 Lethes
411 447 425 467 ,
440 421 604 457 Prancas
617 418 794 457 Andinus
811 418 849 456 in
864 431 977 457 auras

99 473 283 525 Virgilius
298 501 311 519 ‚
327 483 462 510 vatum
480 471 558 509 dux
576 470 813 523 antistesque
829 483 988 509 tuorum

99 529 246 578 Sponte
263 525 375 563 venit
391 541 400 564 ε
418 537 497 562 non
512 524 579 562 ille
594 524 736 562 modos
756 527 792 562 &
807 527 950 562 Franca
964 536 1037 577 per
1051 535 1180 562 artem

99 578 230 618 Verba
244 578 385 616 sonans
399 605 412 625 ‚
428 576 644 629 nostroque
661 590 799 615 recens
815 576 1016 616 simulatus
1031 577 1172 616 amffiku
1186 587 1205 623 5

98 631 174 670 sed
192 632 322 684 gravis
337 643 381 668 ut
396 629 595 682 quondam
610 659 623 678 ‚
644 632 681 667 δε
698 630 802 668 Latii
819 633 1009 682 Luparaea
1023 642 1170 668 canore

98 686 217 723 Τεξὶα
233 685 396 736 replens
414 684 499 721 litui
517 712 530 730 ,
548 682 804 735 Versaliaque
818 697 912 722 arva
924 694 1133 736 pererrans
1149 709 1165 730 ‚

95 737 270 776 Ausonia
288 738 324 774 in
340 736 476 775 trabea
495 738 533 773 ἃ
550 739 717 775 Sarrano
735 735 887 775 lucidus
905 735 1031 775 ostro.

148 794 238 829 Non
257 802 388 829 tamen
408 788 485 827 hoc
502 788 640 828 habitu
658 803 767 837 ‚non
780 789 860 827 hoc
874 789 1038 828 femore
1053 786 1256 832 ferentem'

94 843 202 882 Dura
217 843 396 894 palatinae
413 855 579 894 carpent
594 841 764 881 ludibria
781 842 919 881 turbae.

95 898 190 934 Haec
206 896 355 934 fuerint
367 895 503 947 prius:
529 894 661 934 insano
677 908 766 933 cum
783 895 914 935 Gallia
927 893 1027 934 fastu

96 949 298 988 Sermonis
314 948 414 987 Latii
428 947 576 1000 probro
591 947 661 987 fibi
674 960 852 987 verteret
866 949 991 987 usum.

93 1005 147 1041 Ex
163 1017 243 1055 quo
258 1014 389 1040 autem
408 1001 537 1039 invitae
553 1002 714 1040 nutricis
733 1007 782 1041 ab
797 1000 918 1040 ubere
932 1013 1066 1054 raptus

93 1056 291 1095 Pieridum
310 1055 348 1093 in
363 1054 515 1108 gremio
532 1055 726 1093 consuesti
738 1054 885 1093 ducere
901 1055 1058 1094 somnos

94 1109 251 1161 Regalis
269 1121 368 1160 puer
382 1136 395 1156 ,
416 1110 453 1145 δε
473 1107 590 1146 Latiae
610 1107 736 1146 ridere
754 1108 945 1146 Minervae
962 1121 978 1154 3

90 1162 279 1202 Redditus
294 1161 386 1199 hinc
403 1159 543 1199 nostris
557 1159 689 1199 honor
703 1160 851 1199 artibus
871 1179 879 1201 ε
898 1161 990 1200 hinc
1003 1161 1103 1203 duce
1117 1174 1228 1206 vates

90 1214 258 1268 Virgilio
273 1244 285 1263 ‚
302 1226 516 1266 penetrant
530 1214 635 1253 aulas
649 1225 769 1265 atque
789 1227 906 1254 aurea
923 1227 1063 1268 regum

91 1269 204 1308 Atria
219 1286 229 1308 t
247 1267 360 1306 turba
374 1266 500 1306 audax
516 1295 530 1315 ‚
550 1267 687 1319 ignarae
702 1266 832 1318 plebis
852 1268 1006 1321 iniquos

91 1322 189 1363 Ulca
206 1322 300 1360 sales
318 1333 389 1372 per
407 1332 444 1358 te
462 1348 475 1368 ,
492 1319 696 1358 &levium
715 1321 848 1359 secura
859 1322 1059 1370 jocorum.

142 1375 279 1426 Qalis
293 1373 494 1412 Taenarios
513 1372 891 1426 fines-Ephyreaque
907 1377 1010 1414 ῑεᾶα

91 1427 250 1467 Lesbius
265 1427 425 1465 intravit
436 1438 546 1465 vates
559 1454 572 1474 ‚
594 1439 713 1478 quem
728 1426 908 1466 flufflbus
924 1428 1018 1466 ariis

92 1481 280 1520 Merserat
297 1479 416 1532 impia
428 1491 475 1532 ge
484 1492 527 1517 ns
545 1482 580 1517 &
595 1478 695 1517 surdi
708 1479 757 1517 ad
773 1481 946 1520 carmina
962 1493 1086 1521 nautae
1107 1497 1122 1525 t

92 1536 142 1573 At
155 1533 319 1586 delphin
334 1562 346 1581 ,
365 1532 495 1572 blandi
510 1544 646 1585 captus
659 1531 865 1571 dulcedine
881 1545 1016 1572 cantus
1032 1563 1048 1584 ‚

93 1588 203 1626 [onio
221 1591 240 1624 e
257 1598 400 1639 magno
417 1586 534 1624 terris
549 1585 697 1623 invexit
711 1585 845 1623 amicis

133 1641 298 1680 irantem
312 1668 326 1686 ,
343 1641 380 1677 &
398 1651 484 1677 tuto
499 1637 768 1677 celebrantem
782 1638 803 1676 e
818 1638 952 1678 littore
969 1654 1124 1680 munus.

142 1698 234 1732 Non
247 1693 363 1731 aliter
379 1721 392 1739 ‚
410 1691 590 1730 Lodo'r‘ce
605 1719 618 1739 ,
633 1702 702 1729 tuo
721 1704 823 1730 nunc
838 1706 1000 1730 munere
1019 1694 1154 1746 prodit

93 1746 164 1785 [lle
181 1759 324 1785 novam
339 1746 376 1784 in
392 1751 522 1783 lucem
540 1745 666 1783 veteri
682 1745 910 1797 conspe6ws
926 1745 1078 1785 honore

93 1799 270 1850 Virgilius
287 1816 296 1838 :
315 1811 465 1838 tantum
484 1798 613 1837 radios
628 1798 877 1850 sonitumque
890 1797 1072 1854 refringit
1088 1828 1103 1849 ‚

94 1844 220 1892 Audiri
237 1852 356 1905 vulgo
373 1851 526 1904 patiens
539 1851 768 1903 patiensque
785 1850 936 1897 videri3

41 1918 43 1921 ·
94 1909 135 1945 Et
148 1909 252 1946 recta
269 1919 414 1944 vocum
432 1904 530 1943 serie
545 1932 557 1950 ,
578 1904 826 1957 numerisque
843 1904 975 1943 solutis
992 1932 1007 1952 ‚

95 1956 213 2014 ngna
228 1958 345 1998 rudes
360 1958 512 2011 fingens
525 1957 622 1996 olim
639 1956 688 1995 ad
701 1957 966 1996 modulamina
982 1970 1107 1997 vates.

135 2013 303 2064 Juverit
321 2012 399 2050 hoc
414 2011 513 2049 alios
534 2028 542 2050 :
558 2010 654 2048 nihil
672 2010 751 2048 hoc
773 2010 844 2049 tibi
861 2009 1034 2063 simplice
1050 2012 1159 2051 cultu
1174 2015 1192 2060 ,'

94 2069 167 2106 Hac
180 2066 278 2105 nihil
294 2077 375 2104 arte
394 2077 495 2117 opus
513 2063 581 2102 est.
600 2064 723 2102 Pleno
737 2063 884 2102 dudum
897 2076 964 2101 ore
982 2064 1185 2105 sonantem

47 2128 49 2131 ’
94 2121 289 2174 Uirgilium
305 2147 318 2166 ‚
334 2120 370 2155 δι
388 2129 552 2170 magnos
567 2116 674 2168 capis
692 2116 774 2155 alto
792 2118 950 2167 pectore
970 2117 1114 2156 sensus.

96 2173 154 2211 'lle
174 2173 255 2212 suas
273 2172 341 2211 tibi
355 2170 531 2223 pandere
549 2182 647 2222 opes
663 2197 677 2217 ‚
697 2169 762 2208 sua
775 2168 883 2208 furta
900 2167 1017 2208 fateri

96 2230 185 2278 iaepe
201 2239 318 2265 amat.
337 2222 514 2277 Augusto
532 2222 658 2275 qualis
674 2222 869 2261 Priameia
882 2219 982 2270 fata,

96 2281 388 2333 sartareamque
404 2277 568 2318 domum
583 2303 597 2326 ,
615 2276 652 2315 &
673 2275 818 2329 Tyrios
835 2275 1014 2318 narrabat
1026 2280 1214 2324 amores:
