1571 2735
469 134 841 177 CYRUs.
1214 141 1274 184 75

79 203 225 245 'Ffemit
241 201 332 242 urbs
352 202 529 242 tumultu
547 230 560 250 ,
579 200 703 241 castra
720 200 910 240 consensu
927 199 1138 241 adsonanfi

74 257 186 310 Qid
205 257 317 308 plura
332 262 342 292 Ξ
362 268 443 293 non
458 256 539 305 jam
555 255 721 294 vulnera
739 266 807 294 aut
823 253 974 293 socit'im
991 265 1112 293 neces

78 312 229 350 Dolere
249 309 346 348 civis
361 307 543 346 meminit
564 325 575 348 t
592 307 667 346 hac
683 308 854 360 primum
869 308 934 346 dic

79 365 216 412 Vistor
231 391 245 410 ‚
262 359 464 414 triumpho
480 361 594 399 miles
612 360 861 413 hymenaeum
877 359 1053 402 aestimat.

79 420 137 456 Te
153 414 355 469 praefidem
375 414 508 466 operis
523 443 536 462 ,
554 425 656 468 regis
677 415 854 468 &gentis
871 426 1027 463 patrem

81 475 174 521 Qa
189 481 228 507 te
245 468 449 507 celebrant
465 480 567 506 voce
589 469 600 504 Ι
620 481 701 520 quo
719 467 856 520 plausu
876 465 1051 507 efferunt
1069 469 1082 505 ‚¹

78 525 196 562 ΗΑΒ.
216 522 385 563 Utinam
404 532 625 559 merentem
641 521 649 556 Ξ
670 535 766 559 mox
782 520 859 559 erit
874 521 1008 573 plausu
1026 522 1165 562 locus:

83 575 273 615 Nondum
297 573 366 612 est.
386 573 535 622 Amici,
553 573 674 613 abite.
709 577 770 612 Tu
787 575 948 626 paulum
969 574 1122 614 excuba
1138 603 1155 624 ‚

84 627 146 668 Ne
165 631 291 681 Cyrus
306 626 424 667 instet
441 643 450 666 :
483 626 533 666 da
548 626 671 667 breve
689 626 769 665 hoc
786 628 952 679 spatium
970 628 1087 681 patri.

445 724 798 770 SCENA
878 729 938 773 V.

254 827 670 877 HARPAGUS‚
703 827 1080 877 PALMYRA‚‘

478 899 888 963 HARPAGUs

94 1066 96 1068 ¹
214 1019 263 1059 U
282 1031 305 1056 c
338 1015 363 1056 ὃ
385 1014 580 1070 superstes
598 1027 675 1054 una
689 1026 751 1054 tot
769 1012 935 1055 fratrum
955 1014 1095 1061 soror,¹

85 1026 197 1120 H
216 1071 347 1111 Miseri
364 1071 540 1123 parentis
558 1069 758 1107 columen.
779 1071 878 1107 PAL.
894 1072 948 1107 En
968 1069 1119 1118 adsum,
1140 1067 1283 1122 pater}

59 1144 60 1147 ¹
86 1126 195 1178 Qid
210 1139 272 1164 me
292 1123 404 1174 jubes
420 1130 433 1161 ἒ
453 1136 524 1161 cur
540 1123 644 1161 sorte
665 1133 704 1161 te
721 1121 904 1162 miletum
918 1136 1038 1163 vocas
1056 1151 1070 1172 ‚

59 1187 61 1190 ’
87 1184 246 1218 Virtute
263 1176 361 1216 felix
381 1183 392 1213 ?
410 1179 529 1215 ΗΑΒ.
548 1179 653 1215 Nata
665 1203 679 1224 ‚
695 1187 740 1214 ut
757 1175 835 1214 hoc
849 1177 958 1215 sensu
972 1175 1133 1230 places!

60 1240 61 1244 ’
86 1236 151 1274 Ut
171 1246 233 1270 me
248 1230 318 1270 iste
333 1228 466 1269 reficit
479 1229 657 1269 animus!
677 1232 768 1267 Hoc
787 1230 977 1282 quicquid
991 1230 1048 1269 rei
1066 1228 1122 1268 est

87 1285 207 1337 Qod
220 1283 398 1337 loqueris
415 1310 429 1331 ‚
446 1297 494 1323 an
511 1294 552 1322 tu
597 1283 725 1322 enitus
741 1311 755 1332 ‚
771 1297 818 1321 an
834 1295 1025 1336 quantum
1045 1282 1101 1322 est
1117 1283 1225 1338 capis
1238 1298 1252 1326 ς

87 1338 191 1390 Qid
212 1338 315 1376 sorte
331 1336 456 1375 virtus
471 1339 566 1388 praei
589 1348 630 1375 et
645 1343 656 1374 Ξ
676 1339 916 1375 Immensum
935 1335 991 1376 est
1008 1349 1106 1376 onus
1120 1364 1135 1384 ,

63 1403 65 1406 ⁴
86 1395 176 1431 Nec
195 1392 307 1430 inane
324 1402 472 1428 nomen
488 1418 504 1436 ‚
520 1390 625 1429 velle
641 1390 830 1428 virtutem
850 1391 973 1443 sequi.

64 1460 67 1467 ·
88 1447 182 1483 Haec
201 1444 280 1497 ipsa
296 1471 310 1492 ‚
330 1456 407 1496 qua
424 1456 489 1481 me
505 1442 622 1482 laude
639 1441 802 1483 felicem
817 1454 931 1496 putas
949 1472 963 1492 ‚

88 1499 270 1537 Revolve
289 1508 439 1550 quanto
459 1496 627 1535 steterit.
645 1496 823 1535 Excisum
843 1496 898 1535 est
913 1509 1036 1550 genus
1049 1526 1065 1547 ‚

89 1553 267 1590 Onerata
283 1549 432 1589 truncis
446 1549 576 1588 mensa
594 1562 778 1589 natorum
798 1549 962 1589 artubus
984 1568 994 1591 t

88 1605 199 1643 Siiui.
220 1604 387 1642 Silerem
404 1615 508 1641 nunc
524 1616 687 1656 quoque
704 1631 718 1652 .,
734 1605 771 1642 &
784 1604 939 1657 piagam
955 1604 1037 1644 sinu

92 1660 322 1696 Premerem
341 1655 408 1695 sub
423 1656 506 1696 alto
523 1673 532 1694 :
549 1655 695 1695 sineret
712 1657 869 1710 imperii
886 1657 986 1696 salus
1002 1685 1017 1706 ‚

91 1712 270 1762 fatoque
288 1708 403 1748 nobis
419 1709 613 1748 creditum
631 1710 727 1761 Cyri
743 1722 877 1763 caput.

94 1767 197 1802 Vera
215 1763 281 1803 ina
298 1763 424 1802 virtus
436 1790 450 1811 ‚
467 1763 577 1815 posse
591 1762 732 1803 virtuti
745 1763 879 1802 omnia

91 1817 311 1867 Subjicere.
329 1818 537 1868 Specimen
556 1815 736 1855 dedimus
752 1845 767 1866 ,
782 1818 862 1856 hoc
877 1816 1026 1870 poteris
1039 1817 1176 1872 sequi?

92 1872 234 1909 PALM.
254 1874 352 1921 Qae
367 1883 430 1908 me
447 1868 556 1908 dies?
578 1883 663 1922 quae
679 1870 796 1924 culpa
812 1870 860 1909 de
891 1884 1049 1910 enerem
1067 1872 1220 1926 arguit,

92 1923 339 1962 Timidamve
360 1930 371 1961 Ξ
393 1926 541 1962 HARP.
563 1923 700 1962 Laudo
718 1922 820 1965 faeta
834 1953 848 1974 ,
884 1924 1048 1966 acienda
1065 1938 1229 1978 expeto·

95 1977 298 2016 Praeterita
318 1976 431 2015 mitte
448 1992 459 2016 τ
477 1977 637 2030 gravior
651 1976 846 2018 incumbit
859 1978 986 2018 labor.

0 2025 46 2057 ’Ἢ
94 2030 188 2069 Hoc
211 2029 404 2083 quidquid
419 2029 560 2077 instat,
579 2032 705 2080 majus
724 2030 780 2070 est
797 2031 947 2084 aliquid
964 2043 1088 2071 metu.

95 2085 233 2133 ᾙΑιΜ.
250 2081 420 2122 Confide
435 2111 448 2130 ‚
463 2082 646 2136 genitor:
665 2087 794 2133 major
810 2087 845 2123 ἃ
860 2085 986 2124 virtus
1002 2097 1112 2123 metu
1127 2085 1201 2126 (τῆς

96 2137 240 2177 HARp.
259 2137 374 2175 Illam
388 2136 508 2189 igitur
521 2165 535 2184 ‚
553 2136 660 2176 illam
676 2165 691 2186 ‚
704 2150 795 2178 nata
809 2167 823 2187 ,
837 2138 1026 2178 virtutem
1041 2151 1176 2179 exere.

97 2191 237 2229 Cernis
253 2189 406 2242 jugales
422 2189 537 2243 regiis
557 2189 690 2242 paffim
705 2190 815 2230 faces

47 2261 49 2265 ·
95 2246 245 2282 Lucere
259 2243 370 2282 tectis
383 2271 398 2292 ‚
421 2241 594 2296 strepere
611 2244 784 2297 geniales
800 2244 961 2287 choros.

98 2299 197 2337 Mox
211 2296 338 2339 aderit
351 2297 418 2340 ille
431 2324 447 2349 ,
460 2296 550 2339 luce
567 2296 736 2353 dileetus
746 2300 869 2354 magis
956 2296 961 2299 ’

1057 2352 1140 2404 Οἱῑ
