1571 2735
0 998 46 1026 ms

0 1740 52 1782 195⁵

353 120 973 166 PANEGYR1crs
1207 129 1286 178 w

103 191 167 231 Sic
180 187 274 229 olim
288 188 444 242 imperii
460 189 568 228 nullo
584 201 624 228 te
636 190 763 229 limite
778 218 792 238 ‚
806 192 922 229 nullis

103 243 274 296 Legibus
291 240 486 283 astriemm
502 271 516 290 ‚
534 242 722 295 supremae
741 244 763 281 e
782 244 955 283 culmine
973 243 1072 283 sedis

101 301 346 351 Regnantem
363 296 577 352 agnoscant
591 296 757 349 populi,
774 297 965 351 regesque
984 304 1211 350 parentem-J

380 405 691 454 NUMMI
757 406 1025 456 AUREI

141 506 279 577 AB
344 507 704 578 EODEM
768 508 1250 579 PRINCIPE

347 642 398 689 D
437 647 482 691 o
517 645 637 691 No
703 643 758 691 M
794 649 816 692 1
857 647 886 690 s
920 648 948 692 s
993 649 1045 699 1,

425 747 945 816 PYXIS.

9 854 28 919 ·':
92 885 195 977 [V
219 879 249 916 E
269 886 300 916 N
320 891 335 917 1
355 891 380 919 τ
402 876 606 919 fertilibus
623 879 783 921 Paderae
803 880 901 920 mihi
919 893 1060 920 munus
1080 879 1130 919 ab
1145 878 1230 919 oris

214 935 359 985 Ingens
372 960 388 980 ,
403 935 548 972 excuso
566 934 714 987 spirans
733 934 955 973 fernandus
970 935 1010 973 in
1026 946 1139 973 auro.

92 988 216 1026 'Nunc
232 997 304 1039 age
317 1013 331 1033 ‚
350 985 377 1024 fi
395 986 481 1039 quis
500 986 598 1026 ades
614 987 766 1026 Genius
782 1015 795 1035 ‚
812 986 1014 1040 fidamque
1028 985 1158 1038 poetis

92 1040 181 1078 :Das
195 1052 360 1092 operam
376 1066 395 1088 ,
408 1051 452 1078 ut
463 1039 676 1092 perhibent
692 1058 701 1080 ε
718 1040 839 1079 celeri
855 1040 950 1079 mihi
965 1038 1145 1093 protinus
1163 1038 1209 1077 αἱ-

92 1093 222 1131 'Trans
235 1104 342 1131 mare
357 1120 371 1141 ‚
388 1105 492 1132 trans
508 1093 655 1133 clausas
671 1097 834 1145 Europae
846 1093 972 1132 limite
989 1104 1144 1146 gentes,

92 1144 312 1186 ·Materiam
326 1158 419 1198 pete
439 1164 450 1186 ε
466 1147 657 1186 servando
674 1160 759 1199 quae
777 1146 989 1185 commoda
1005 1157 1168 1185 nummo
1183 1170 1201 1194 ,

91 1198 260 1251 ÷Pyxidis
276 1198 481 1252 augustum
498 1200 589 1239 caelo
608 1200 777 1254 fingatur
792 1201 831 1238 in
847 1200 1007 1240 orbem.

155 1255 219 1290 Ne
232 1264 366 1291 tamen
381 1255 467 1291 Eoo
481 1253 660 1292 lucentes
680 1266 837 1305 aequore
856 1265 1034 1306 gemmas
1048 1281 1064 1302 ‚

90 1304 248 1345 aAbdita
261 1318 338 1345 neu
354 1304 472 1345 fulvae
488 1307 673 1359 populari
686 1308 834 1346 viscera
854 1318 966 1345 terrae

101 1359 158 1397 Sit
171 1358 286 1398 labor
303 1375 313 1399 ε
330 1359 415 1397 haec
431 1359 571 1398 nostrae
588 1374 669 1398 non
683 1359 743 1400 est
755 1373 827 1413 par
841 1360 958 1412 copia
975 1356 1071 1398 sorti
1084 1384 1101 1406 ‚

91 1414 191 1451 'Nec
209 1423 340 1451 tantus
354 1412 404 1451 de
418 1426 481 1451 me
498 1412 628 1465 sperat
641 1413 710 1452 fibi
728 1413 820 1452 talia
835 1414 1033 1465 princeps.

156 1468 207 1504 At
222 1479 352 1518 neque
370 1478 471 1519 opus
490 1467 611 1505 rutilo
628 1466 776 1505 ferrum
794 1465 864 1506 tibi
879 1465 1042 1506 strideat
1057 1462 1167 1518 igni,‘

90 1519 292 1571 'ffireaque
308 1519 463 1559 alterno
480 1520 714 1573 gracilescat
728 1519 891 1559 bractea,
901 1519 1018 1572 pulsu
1034 1534 1045 1558 τ

102 1573 195 1611 Haec
212 1571 296 1612 aliis
312 1572 500 1625 permitte
514 1601 528 1621 ,
547 1571 621 1613 feri
640 1586 741 1626 quos
758 1573 893 1612 Martis
908 1573 1083 1611 honores
1096 1597 1112 1619 ,

104 1628 154 1664 Et
169 1624 293 1665 fluido
311 1639 470 1665 manans
489 1625 658 1666 delcetat
672 1626 855 1680 sanguine
874 1625 1022 1665 laurus.

102 1680 240 1732 Longe
254 1678 329 1718 alia
345 1678 474 1718 suetus
489 1677 663 1719 frontem
685 1680 753 1718 fibi
768 1679 926 1733 cingere
939 1679 1052 1718 lauro
1064 1705 1081 1726 ‚

104 1735 236 1784 Qem
253 1732 352 1772 colis
366 1760 379 1780 ‚
396 1732 548 1771 Amifiae
564 1745 750 1786 regnator
767 1731 921 1785 paciFer
940 1730 1049 1770 undae
1065 1746 1078 1769 τ

90 1785 270 1827 >Nescius
286 1799 489 1825 armorum
504 1816 518 1835 ,
538 1788 574 1825 &
590 1786 688 1824 ferri
704 1786 799 1825 nihil
816 1785 968 1838 indigus
980 1785 1118 1823 heros.

156 1841 223 1877 Tu.
232 1838 373 1893 magis,
387 1839 558 1892 antiquae
575 1839 694 1879 lustra
707 1840 811 1878 inter
825 1838 941 1878 devia
961 1838 1076 1890 sylvae

104 1891 145 1931 si
162 1906 239 1945 qua
252 1892 350 1931 latet
366 1892 489 1931 firmis
505 1893 656 1932 haerens
670 1892 865 1932 radicibus
880 1890 995 1931 arbos
1012 1919 1034 1940 ,

105 1944 290 1984 Necdum
305 1946 436 1998 quassa
454 1947 571 1986 Notis
587 1975 601 1995 ‚
619 1945 788 1985 necdum
802 1945 924 1995 Joyis
939 1945 1032 1984 alite
1046 1943 1209 1985 flamma
1227 1955 1248 1995 3

107 1999 221 2038 Hanc
237 2000 365 2038 sacros
379 2011 514 2051 aptare
528 1999 625 2037 nihil
640 2001 842 2038 cuneatus
859 1999 898 2036 in
917 1998 1006 2037 usus
1020 2026 1034 2047 ‚

102 2055 198 2103 -Qa
213 2052 321 2105 viget
335 2052 474 2090 enodis
491 2053 627 2093 scabro
644 2052 710 2092 sub
725 2052 877 2090 cortice
896 2051 1024 2091 moles
1039 2079 1055 2101 ,

109 2105 235 2144 Altius
248 2106 417 2158 impa&a
432 2106 573 2144 vulnus
589 2105 720 2158 defige
739 2104 880 2143 securi.

90 2168 91 2173 ¹
112 2161 203 2197 Neu
232 2170 391 2198 teneros
413 2159 583 2211 gemitus
610 2157 886 2211 Nympharum
913 2158 1100 2199 horresce
1129 2175 1140 2202 :
1172 2171 1307 2215 neque

166 2212 283 2252 stum

89 2264 281 2321 *lkelligio
301 2295 313 2318 ,
331 2267 527 2322 &veteris
544 2267 674 2322 trunci
689 2264 911 2321 reverentia
925 2265 1068 2308 tardet.
1107 2318 1130 2326 ..

1048 2323 1092 2374 ,Μ
1104 2321 1150 2373 ui
